<?xml version="1.0" encoding="UTF-8"?><collection><record><leader>02669ntm a2200361 a 4500</leader><controlfield tag="001">002641670</controlfield><controlfield tag="003">MiAaHDL</controlfield><controlfield tag="005">20190719000000.0</controlfield><controlfield tag="006">m        d        </controlfield><controlfield tag="007">cr bn ---auaua</controlfield><controlfield tag="008">930712s1886    xx            00||  ara d</controlfield><datafield tag="035" ind1=" " ind2=" "><subfield code="a">(MiU)002641670</subfield></datafield><datafield tag="035" ind1=" " ind2=" "><subfield code="a">sdr-miu002641670</subfield></datafield><datafield tag="035" ind1=" " ind2=" "><subfield code="a">(OCoLC)34366415</subfield></datafield><datafield tag="035" ind1=" " ind2=" "><subfield code="a">(RLIN)MIUH93-A140</subfield></datafield><datafield tag="040" ind1=" " ind2=" "><subfield code="a">MiU</subfield><subfield code="c">MiU</subfield><subfield code="e">appm</subfield><subfield code="d">MiU</subfield></datafield><datafield tag="100" ind1="1" ind2=" "><subfield code="6">880-01</subfield><subfield code="a">Khaṭīb, Aḥmad ibn ʻAbd al-Laṭīf,</subfield><subfield code="d">ca. 1886.</subfield></datafield><datafield tag="245" ind1="1" ind2="0"><subfield code="a">Astronomical treatise :</subfield><subfield code="k">manuscript,</subfield><subfield code="f">[1886].</subfield></datafield><datafield tag="300" ind1=" " ind2=" "><subfield code="a">1</subfield><subfield code="f">v. ([27] p. + 1 leaf) ;</subfield><subfield code="c">25 cm.</subfield></datafield><datafield tag="500" ind1=" " ind2=" "><subfield code="a">Watermarks: Britannia (?); initials CIS in sans serif caps.</subfield></datafield><datafield tag="500" ind1=" " ind2=" "><subfield code="a">Contains tables of zodiacal signs and latitudes and longitudes of cities in many different countries.</subfield></datafield><datafield tag="500" ind1=" " ind2=" "><subfield code="a">Text rubricated; two copyists: pp. 7-17 (anonymous) and pp. 18-27 (named above).</subfield></datafield><datafield tag="500" ind1=" " ind2=" "><subfield code="a">ʻudhran li-annahu jalla man la yasʾhū lā siyyamā fī hādhihi al-azmān allatī kādat al-ʻulūm an tandarasa wa-kathara fīhā al-jahl wa-maʻ iʻtirāfī bi-annī lastu min ahl hādhā al-shaʾn wa-lākin al-ṭamaʻ fī al-ajr ajraʾanī ʻalayhi wa-al-rijāʾ fī thawābihi awdamanī ilayhi wa-bi-Allāh al-iʻtimād wa-bihi thiqatī tamma....</subfield></datafield><datafield tag="500" ind1=" " ind2=" "><subfield code="a">Date and author/copyist's name in colophon: wa-aqūl wa-anā al-faqīr ... Aḥmad al-Khaṭīb ibn ʻAbd al-Laṭīf al-Khaṭīb ... qad tamma tabyīḍ hādhihi al-waraqāt fī yawm al-ithnayn yawm al-thāmin wa-al-ʻishrūn min Dhī al-Ḥijjah min sanat 1303 min hijrat al-nabī ... fa-al-marjūw miman aṭlaʻa ʻalá zallah aw ʻathar fīhā ʻalá hafwah an yuṣalliḥahā baʻd imʻān al-naẓr fīhi idh qīlakum muzayyiq ṣaḥīḥan li-ajl kawn fahmuhu qabiḥan fa-idhā taḥaqqaqa al-khaṭaʾ iltamas lī fīhā</subfield></datafield><datafield tag="500" ind1=" " ind2=" "><subfield code="a">Pp. 7-27. Bound with: [2] Badr al-Dīn Muḥammad ibn Muḥammad Sibṭ al-Māridīnī, Risālah fī al-ʻamal bi-al-rubʻ al-mujayyab, pp. [28-33]; [3] Astronomical tables, 1 leaf.</subfield></datafield><datafield tag="520" ind1=" " ind2=" "><subfield code="a">Title unidentified, in 20 bābs and a khātimah; copy defective: text begins at end of bāb 2.</subfield></datafield><datafield tag="538" ind1=" " ind2=" "><subfield code="a">Mode of access: Internet.</subfield></datafield><datafield tag="541" ind1=" " ind2=" "><subfield code="d">07/--/36</subfield><subfield code="3">Manuscript</subfield><subfield code="a">McGregor Fund</subfield><subfield code="c">Purchase, 1933/34</subfield></datafield><datafield tag="561" ind1=" " ind2=" "><subfield code="a">Purchased in Cairo, 1933/34. Owner's mark: on inserted leaf, manuscript notes in handwriting of Max Meyerhof.</subfield></datafield><datafield tag="650" ind1=" " ind2="0"><subfield code="a">Astronomy, Arab.</subfield></datafield><datafield tag="650" ind1=" " ind2="0"><subfield code="a">Manuscripts, Arabic</subfield><subfield code="z">Michigan</subfield><subfield code="z">Ann Arbor.</subfield></datafield><datafield tag="700" ind1="1" ind2=" "><subfield code="a">Meyerhof, Max,</subfield><subfield code="d">1874-1945,</subfield><subfield code="e">former owner.</subfield></datafield><datafield tag="773" ind1="0" ind2=" "><subfield code="a">Tracy W. McGregor Collection of Arabic, Persian, and Turkish Mathematical and Astronomical Manuscripts.</subfield><subfield code="7">unbc</subfield><subfield code="w">(CStRLIN)MIUH92-A20.</subfield></datafield><datafield tag="880" ind1="0" ind2=" "><subfield code="6">100-01/</subfield><subfield code="a">أحمد بن لطيف الخطيب.</subfield></datafield><datafield tag="CID" ind1=" " ind2=" "><subfield code="a">002641670</subfield></datafield><datafield tag="DAT" ind1="0" ind2=" "><subfield code="a">20190719102632.0</subfield><subfield code="b">20190719000000.0</subfield></datafield><datafield tag="DAT" ind1="1" ind2=" "><subfield code="a">20190719090653.0</subfield><subfield code="b">2019-07-19T16:10:47Z</subfield></datafield><datafield tag="DAT" ind1="2" ind2=" "><subfield code="a">2015-10-02T18:00:03Z</subfield><subfield code="b">2014-02-13T21:00:03Z</subfield></datafield><datafield tag="CAT" ind1=" " ind2=" "><subfield code="a">SDR-MIU</subfield><subfield code="d">EX LIBRIS - ALEPH</subfield><subfield code="l">prepare.pl-004-008</subfield></datafield><datafield tag="FMT" ind1=" " ind2=" "><subfield code="a">BK</subfield></datafield><datafield tag="HOL" ind1=" " ind2=" "><subfield code="0">sdr-miu002641670</subfield><subfield code="a">MiU</subfield><subfield code="b">SDR</subfield><subfield code="c">MIU</subfield><subfield code="p">mdp.39015078570408</subfield><subfield code="s">MIU</subfield><subfield code="1">002641670</subfield></datafield><datafield tag="974" ind1=" " ind2=" "><subfield code="b">MIU</subfield><subfield code="c">MIU</subfield><subfield code="d">20190719</subfield><subfield code="s">lit-dlps-dc</subfield><subfield code="u">mdp.39015078570408</subfield><subfield code="y">1886</subfield><subfield code="r">pd</subfield><subfield code="q">exp</subfield></datafield></record></collection>